<record><leader>00000cas a2200000 a 4500</leader><controlfield tag="001">37357745</controlfield><controlfield tag="008">970725d18981904vtuwr ne      0    0eng c</controlfield><datafield ind1=" " ind2=" " tag="010"><subfield code="a">sn 97067539 </subfield></datafield><datafield ind1=" " ind2=" " tag="040"><subfield code="a">NVN</subfield><subfield code="b">eng</subfield><subfield code="c">NVN</subfield><subfield code="d">GUA</subfield><subfield code="d">OCL</subfield><subfield code="d">NVN</subfield><subfield code="d">OCLCQ</subfield><subfield code="d">OCLCF</subfield><subfield code="d">OCLCO</subfield></datafield><datafield ind1="1" ind2=" " tag="029"><subfield code="a">AU@</subfield><subfield code="b">000013409258</subfield></datafield><datafield ind1=" " ind2=" " tag="042"><subfield code="a">pcc</subfield></datafield><datafield ind1=" " ind2=" " tag="043"><subfield code="a">n-us-vt</subfield></datafield><datafield ind1="0" ind2="4" tag="245"><subfield code="a">The Rays-times.</subfield></datafield><datafield ind1=" " ind2=" " tag="260"><subfield code="a">Milton, Vt. :</subfield><subfield code="b">F.S. Morgan</subfield></datafield><datafield ind1=" " ind2=" " tag="300"><subfield code="a">v.</subfield></datafield><datafield ind1=" " ind2=" " tag="310"><subfield code="a">Weekly</subfield></datafield><datafield ind1="1" ind2=" " tag="362"><subfield code="a">Began July 30, 1898.</subfield></datafield><datafield ind1="0" ind2=" " tag="362"><subfield code="a">-v. 8, no. 1 (Dec 31, 1904).</subfield></datafield><datafield ind1=" " ind2=" " tag="580"><subfield code="a">Issued as an annex to the Milton rays.</subfield></datafield><datafield ind1=" " ind2=" " tag="588"><subfield code="a">Description based on: Vol. 1, no. 6 (Sept. 3, 1898).</subfield></datafield><datafield ind1=" " ind2="0" tag="651"><subfield code="a">Milton (Vt.)</subfield><subfield code="v">Newspapers.</subfield></datafield><datafield ind1=" " ind2="0" tag="651"><subfield code="a">Chittenden County (Vt.)</subfield><subfield code="v">Newspapers.</subfield></datafield><datafield ind1=" " ind2="7" tag="655"><subfield code="a">Newspapers.</subfield><subfield code="2">fast</subfield><subfield code="0">(OCoLC)fst01423814</subfield></datafield><datafield ind1=" " ind2="7" tag="651"><subfield code="a">Vermont</subfield><subfield code="z">Chittenden County.</subfield><subfield code="2">fast</subfield><subfield code="0">(OCoLC)fst01211998</subfield></datafield><datafield ind1=" " ind2="7" tag="651"><subfield code="a">Vermont</subfield><subfield code="z">Milton.</subfield><subfield code="2">fast</subfield><subfield code="0">(OCoLC)fst01256843</subfield></datafield><datafield ind1=" " ind2=" " tag="752"><subfield code="a">United States</subfield><subfield code="b">Vermont</subfield><subfield code="c">Chittenden</subfield><subfield code="d">Milton.</subfield></datafield><datafield ind1="1" ind2=" " tag="775"><subfield code="t">Milton rays</subfield><subfield code="w">(DLC)sn 97067540</subfield><subfield code="w">(OCoLC)37358168</subfield></datafield><datafield ind1="0" ind2="0" tag="785"><subfield code="t">Times (Milton, Vt.)</subfield><subfield code="w">(DLC)sn 97067541</subfield><subfield code="w">(OCoLC)37358379</subfield></datafield></record>